@book{1,
  title = {An introduction to the mathematical theory of inverse problems},
  author = {Kirsch, A.},
  volume = {120},
  year = {2011},
  publisher = {Springer}
}



@book{2,
  title = {Inverse problem theory and methods for model parameter estimation},
  author = {Tarantola, A.},
  year = {2005},
  publisher = {Society for Industrial Mathematics}
}



@article{3,
  title={Uniqueness in the inversion of inaccurate gross earth data},
  author={Backus, G. and Gilbert, F.},
  journal={Philosophical Transactions for the Royal Society of London. Series A, Mathematical and Physical Sciences},
  pages={123--192},
  year={1970},
  publisher={JSTOR}
}




@book{4,


  title ={Linear Differential Operators},
  author={C. Lanczos},
  year={1996},
  publisher={SIAM}
}

@book{5,
  title={Matrix Computation},
  author={G.H. Golub and C. F. Van Loan},
  year={1996},
  publisher={The Johns Hopkins University Press}
}


@book{6,
  title={Inverse Problems in the Mathematical Sciences},
  author={Charles W. Groetsch},
  publisher={Informatica International, Inc.},
  year={1993},
  pages={84-88}
}

@book{7,
title={Regularization on Inverse Problem},
author={H.W.Engl,M.Hanke,and A. Neubauer},
year={1996},
publisher={Kluwer Academic Publishers}
}


@book{9,
title={The Theory of Tikhonov Regularization for Fredholm Equations of the First Kind},
author={Groesch C W},
year={1984},
publisher={Pitman Advanced Publishing Program}
}

@book{10,
title={Solutions of Ill-Posed Problems},
author={Tikhonov A N, Arsenin V Y},
year={1977},
publisher={John Wiley and Sons}
}

@article{11,
title={Non-Convergence of the L-Curve Regularization Parameter Selection Method},
author={Vogel C R},
year={1996},
pages={535-547},
journal={Inverse Problems}
}
