@article{lishang2001identifying,
  title={Identifying the volatility of underlying assets from option prices},
  author={Lishang, Jiang and Youshan, Tao},
  journal={Inverse Problems},
  volume={17},
  number={1},
  pages={137},
  year={2001},
  publisher={IOP Publishing}
}

@article{jiang2003new,
  title={A new well-posed algorithm to recover implied local volatility},
  author={Jiang, Lishang and Chen, Qihong and Wang, Lijun and Zhang, Jin E},
  journal={Quantitative Finance},
  volume={3},
  number={6},
  pages={451--457},
  year={2003},
  publisher={Taylor \& Francis}
}


@book{jiang2005mathematical,
  title={Mathematical modeling and methods of option pricing},
  author={Jiang, Lishang and Li, Canguo},
  year={2005},
  publisher={World Scientific}
}



@article{dupire1994,
  title={Pricing with a smile},
  author={Duprie B},
  journal={Risk},
  volume={7}, 
  pages={18--20},
  year={1994}
}