@article{fincad,
  title={Differential Evolution, A Simple and Efficient Heuristic Strategy for Global Optimization over Continuous Spaces},
  author={Storn, R.},
  journal={Journal for Global Optimization},
  volume={11},
  number={Dordrecht},
  pages={341--359},
  year={1997}
}



@article{metro,
  title={Equation of State Calculation by Fast Computing Machines},
  author={Metropolis N.,Rosenbluth A.W., Rosenbluth M.N., Teller A.H., Teller E},
  journal={E.J. of Chem. Phys.},
  volume={21},
  pages={1087--1091},
  year={1953}
}


@article{kirk,
  title={Optimization by Simulated Annealing},
  author={Kirkpatrick S, Gelatt C.D., Vecchi M.P.},
  journal={Science},
  volume={220},
  number={4598}
  pages={671--680},
  year={1983}
}


@article{down,
  title={Simulated Annealing. In Modern Heuristic Techniques for Combinatorial Problems},
  author={Dowsland K.A.},
  year={1995},
  journal={McGraw-Hill}
}


@article{smith,
  title={SModern Heuristic Search Methods},
  author={Rayward-Smith V.J., Osman I.H., Reeves C.R., Smith G.D.},
  year={1996},
  journal={John Wiley \& Sons}
}

@article{lun,
  title={Convergence of an Annealing Algorithm},
  author={Lundy M., Mees A.},
  year={1986},
  journal={Math. Prog.},
  volume={34},
  pages={111--124}
}

@article{math,
  title={Constrained Nonlinear Optimization Algorithms},
  author={Mathwork Documentation Center},
  journal={http://www.mathworks.cn/cn/help/optim/ug/constrained-nonlinear-optimization-algorithms.html},
}


@article{biggs,
  title={"Constrained Minimization Using Recursive Quadratic Programming," Towards Global Optimization},
  author={Biggs M.C.},
  journal={North-Holland},
  pages={341--349},
  year={1975}
}


@article{fle,
  title={Practical Methods of Optimization},
  author={Fletcher R.},
  journal={John Wiley and Sons},
  year={1987}
}





