@book{copson1965asymptotic,
  title={Asymptotic expansions},
  author={Copson, Edward Thomas and Copson, Edward Thomas},
  number={55},
  year={1965},
  publisher={Cambridge University Press}
}

@article{joshi2010achieving,
  title={Achieving higher order convergence for the prices of European options in binomial trees},
  author={Joshi, Mark S},
  journal={Mathematical Finance},
  volume={20},
  number={1},
  pages={89--103},
  year={2010},
  publisher={Wiley Online Library}
}

@article{lamberton1998error,
  title={Error estimates for the binomial approximation of American put options},
  author={Lamberton, Damien and others},
  journal={The Annals of Applied Probability},
  volume={8},
  number={1},
  pages={206--233},
  year={1998},
  publisher={Institute of Mathematical Statistics}
}

@article{leisen1996binomial,
  title={Binomial models for option valuation-examining and improving convergence},
  author={Leisen, Dietmar PJ and Reimer, Matthias},
  journal={Applied Mathematical Finance},
  volume={3},
  number={4},
  pages={319--346},
  year={1996},
  publisher={Taylor \& Francis}
}

@article{leisen1998pricing,
  title={Pricing the American put option: A detailed convergence analysis for binomial models},
  author={Leisen, Dietmar PJ},
  journal={Journal of Economic Dynamics and Control},
  volume={22},
  number={8-9},
  pages={1419--1444},
  year={1998},
  publisher={Elsevier}
}

@article{joshi2009achieving,
  title={Achieving smooth asymptotics for the prices of European options in binomial trees},
  author={Joshi, Mark S},
  journal={Quantitative Finance},
  volume={9},
  number={2},
  pages={171--176},
  year={2009},
  publisher={Taylor \& Francis}
}

@article{diener2004asymptotics,
  title={Asymptotics of the price oscillations of a European call option in a tree model},
  author={Diener, Francine and Diener, MARC},
  journal={Mathematical finance},
  volume={14},
  number={2},
  pages={271--293},
  year={2004},
  publisher={Wiley Online Library}
}


@misc{volitilitysmilewiki,
  author = {WikiPedia},
  title = {Volatility smile},
  howpublished = {http://en.wikipedia.org/wiki/Volatility\_smile},
  year = 2014,
}

@misc{libor,
  author = {global-rates.com},
  title = {USD LIBOR interest rate - US Dollar LIBOR},
  howpublished = {http://global-rates.com/interest-rates/libor/american-dollar/american-dollar.aspx},
  year = 2013,
}

@misc{SPXPM,
   author = {Yahoo Finance},
   title = {s&p 500 pm settled index (SPXPM)},
   howpublished ={http://finance.yahoo.com/q/op?s=%5ESPXPM&m=2014-07},
   year = {2014}
}

@article{cox1979option,
  title={Option pricing: A simplified approach},
  author={Cox, John C and Ross, Stephen A and Rubinstein, Mark},
  journal={Journal of financial Economics},
  volume={7},
  number={3},
  pages={229--263},
  year={1979},
  publisher={Elsevier}
}

@article{tian1993modified,
  title={A modified lattice approach to option pricing},
  author={Tian, Yisong},
  journal={Journal of Futures Markets},
  volume={13},
  number={5},
  pages={563--577},
  year={1993},
  publisher={Wiley Online Library}
}

@book{jroption1983,
  title={Option Pricing},
  author={Jarrow R., Rudd A.},
  pages={183--188},
  publisher={Homewood,Illinois},
  year={1983}
}