@article{bentler1978matrix,
  title={Matrix derivatives with chain rule and rules for simple, Hadamard, and Kronecker products},
  author={Bentler, PM and Lee, Sik-Yum},
  journal={Journal of Mathematical Psychology},
  volume={17},
  number={3},
  pages={255--262},
  year={1978},
  publisher={Elsevier}
}

